<?xml version="1.0" encoding="UTF-8"?><collection xmlns="http://www.loc.gov/MARC21/slim"><record><leader>00523nam--2200169-i-4500</leader><controlfield tag="001">000001915</controlfield><controlfield tag="002">20161230</controlfield><controlfield tag="005">20161230201024</controlfield><controlfield tag="008">060222s1000------------r-----000-0-eng-d</controlfield><datafield ind1=" " ind2=" " tag="040"><subfield code="a">IFIN-HH</subfield></datafield><datafield ind1=" " ind2=" " tag="080"><subfield code="a">537.531</subfield></datafield><datafield ind1="1" ind2=" " tag="100"><subfield code="a">Goldberg, Marcel</subfield></datafield><datafield ind1="1" ind2="0" tag="245"><subfield code="a">Mesure des intensites relatives des raies x du spectre l d elements lourds excites par bombardement electronique</subfield><subfield code="b">These</subfield><subfield code="c">Marcel goldberg</subfield></datafield><datafield ind1=" " ind2=" " tag="260"><subfield code="a">Paris</subfield><subfield code="b">Faculte Des Sciences</subfield><subfield code="c">1962</subfield></datafield><datafield ind1=" " ind2=" " tag="300"><subfield code="a">29 P</subfield></datafield><datafield ind1=" " ind2=" " tag="852"><subfield code="a">19120</subfield><subfield code="c">537.531</subfield></datafield><datafield ind1=" " ind2=" " tag="CAT"><subfield code="a">Sys</subfield><subfield code="c">20110809</subfield><subfield code="h">124343</subfield></datafield></record></collection>